@misc{riscv_trace_spec,
  title = {Efficient Trace for RISC-V},
  author = {RISC-V International},
  year = {Version 2.0.3, April 19, 2024},
  note = {\url{https://github.com/riscv-non-isa/riscv-trace-spec}},
}
@misc{trace_decoder,
  title = {Decoder Implementation of the RISC-V Efficient Trace},
  author = {Righi Samuele},
  year = {July 2025},
  note = {\url{https://github.com/pulp-platform/rv_tracer/tree/main/decoder}},
}